@online{avans:assignment,
	title        = {Project Assignment: Hidden Speed Camera},
	author       = {Joan Schrasser},
	organization = {Avans University of Applied Sciences},
	date         = {2023},
	urldate      = {2023-02-28},
	url          = {https://brightspace.avans.nl/content/enforced/94198-ATD-IITE-HS-PRJB1112-2022-23-P3-P4/Verborgen%20snelheidscamera.pdf},
}

@online{nvidia:jetson-nano-datasheet,
	title        = {Jetson Nano System-on-Module Datasheet},
	organization = {NVIDIA},
	date         = {2022},
	month        = {5},
	note         = {DA-09366-001\_v1.1},
	urldate      = {2023-02-28},
	url          = {https://developer.nvidia.com/embedded/dlc/jetson-nano-system-module-datasheet},
}

@online{rpiltd:raspberry-pi-datasheet,
	title        = {Raspberry Pi 4 Datasheet},
	organization = {Raspberry Pi Ltd},
	date         = {2019},
	note         = {Release 1},
	urldate      = {2023-02-28},
	url          = {https://datasheets.raspberrypi.com/rpi4/raspberry-pi-4-datasheet.pdf},
}

@online{gdgtvs:videocore-vi-benchmark,
	title        = {Broadcom VideoCore VI Benchmark},
	organization = {GadgetVersus},
	urldate      = {2023-03-01},
	url          = {https://gadgetversus.com/graphics-card/broadcom-videocore-vi-specs/},
}

@online{lic:license-plate,
	title        = {An Understanding of Vehicle Number Plate Detection Mechanism using Computer Vision},
	organization = {Pritam Barhate},
	date         = {2022-11-29},
	urldate      = {2023-02-28},
	url          = {https://mobisoftinfotech.com/resources/blog/vehicle-number-plate-detection-mechanism-using-computer-vision//},
}

@online{egde:edge-dection,
	title        = {What is Edge Detection},
	organization = {Great Learning},
	date         = {2022-12-13},
	urldate      = {2023-02-28},
	url          = {https://www.mygreatlearning.com/blog/introduction-to-edge-detection/},
}

@online{hrcs:haar-cascades,
	title        = {Viola Jones Algorithm and Haar Cascade Classifier},
	organization = {Aditya Mittal},
	date         = {2021-07-13},
	urldate      = {2023-02-28},
	url          = {https://towardsdatascience.com/viola-jones-algorithm-and-haar-cascade-classifier-ee3bfb19f7d8},
}

@online{hgms:hog-multiscale,
	title        = {HOG detectMultiScale parameters explained},
	organization = {Adrian Rosebrock},
	date         = {2015-11-16},
	urldate      = {2023-02-28},
	url          = {https://pyimagesearch.com/2015/11/16/hog-detectmultiscale-parameters-explained//},
}

@online{ylalgo:yolo-algorithm,
	title        = {Introduction to Object Detection},
	organization = {Zoumana Kelta},
	date         = {2022-09},
	urldate      = {2023-02-28},
	url          = {https://www.datacamp.com/blog/yolo-object-detection-explained/},
}

@online{ssdalgo:SSD-algorithm,
	title        = {SSD: Single Shot MultiBox Detector},
	organization = {Cornell University},
	date         = {2016-12-29},
	urldate      = {2023-02-28},
	url          = {https://www.datacamp.com/blog/yolo-object-detection-explained/},
}

@online{futra:vehicle-speed-detection-through-uav,
	title        = {An approach using deep learning based speed detection},
	organization = {Future Transportation},
	date         = {2023},
	month        = {3},
	note         = {futuretransp-03-00012-v3},
	urldate      = {2023-03-16},
	url          = {https://www.mdpi.com/2673-7590/3/1/12/pdf},
}

@online{pyimsearch:opencv-vehicle-detection,
	title        = {OpenCV Vehicle Detection, Tracking, and Speed Estimation},
	organization = {PyImageSearch},
	author       = {A. Rosebrock},
	date         = {2021},
	month        = {11},
	urldate      = {2023-03-16},
	url          = {https://pyimagesearch.com/2019/12/02/opencv-vehicle-detection-tracking-and-speed-estimation/},
}

@online{camlytics:vehicle-speed-tracking-solution,
	title        = {Vehicle speed detection solution},
	organization = {Camlytics},
	urldate      = {2023-03-16},
	url          = {https://camlytics.com/solutions/calculate-vehicle-speed},
}

@online{usdpttransportation:analysis-of-vascar,
	title        = {Analysis of VASCAR},
	organization = {U.S. Department of Transportation},
	author       = {J. Gavin Howe},
	date         = {1991},
	month        = {5},
	urldate      = {2023-03-16},
	url          = {https://rosap.ntl.bts.gov/view/dot/13773/dot_13773_DS1.pdf},
}

@online{ksic:what-is-vascar,
	title        = {What is Vascar: Visual Average Speed Computer},
	author       = {I.},
	date         = {2022},
	month        = {2},
	urldate      = {2023-03-16},
	url          = {https://keepspeedincheck.com/what-is-vascar-visual-average-speed-computer/},
}

@online{itsc:two-camera-based-speed-measurement,
	title        = {Two-camera based accurate vehicle speed measurement using average speed at a fixed point},
	organization = {International Conference on Intelligent Transportation Systems},
	author       = {D. F. Llorca, C. Salinas, M. Jim ÃÅenez, I. Parra, A. G. Morcillo, R. Izquierdo, J. Lorenzo, M. A. Sotelo},
	date         = {2016},
	month        = {11},
	urldate      = {2023-03-16},
	url          = {https://invett.aut.uah.es/sotelo/ITSC16_0449.pdf},
}

@article{example:art,
	author   = {Author},
	title    = {Title},
	journal  = {Journal},
	date     = {YYYY},
}

@book{example:book,
	author       = {Author},
	title        = {Title},
	publisher    = {Publisher},
	date         = {YYYY},
}
